@TechReport{SanMartin2016,
  author      = {San Mart\'in, Marcelo A and Saavedra, Juan and Bernal, Claudio},
  institution = {Instituto de Fomento Pesquero. 393 pp + Anexos.},
  title       = {Informe final. Convenio de desempeño, 2015. Programa de investigación del descarte y captura de pesca incidental, año 2015.},
  year        = {2016},
}

@TechReport{Roman2021,
  author      = {Rom\'an, C. and Escobar, V. and San Mart\'in, M.A. and Bernal, C. and Vargas, C. and Adasme, L. and L\'opez, J. and Azocar, J. and Saavedra-Nievas, J.C. and Bravo, C.},
  institution = {Instituto de Fomento Pesquero. 212 pp + Anexos},
  title       = {Informe final, Sección 1. Convenio de desempeño, 2019. Programa de investigación y monitoreo del descarte y de la captura de pesca incidental en pesquerías demersales y aguas profundas, 2020-2021.},
  year        = {2021},
}

@Comment{jabref-meta: databaseType:bibtex;}
